% alternativa: @article{...}
@inproceedings{Domeniconi2017,
    author = {G. Domeniconi et al.},
    year = {2017},
    month = {07},
    pages = {25-46},
    title = {Identifying Conversational Message Threads by Integrating Classification and Data Clustering},
    booktitle = {Data Management Technologies and Applications: 5th International Conference, DATA 2016, Colmar, France, July 24-26, 2016, Revised Selected Papers},
    isbn = {978-3-319-62911-7},
    doi = {10.1007/978-3-319-62911-7_2}
}
% https://www.researchgate.net/publication/318135453_Identifying_Conversational_Message_Threads_by_Integrating_Classification_and_Data_Clustering
